@Unpublished{imdbcase,
  author = {Tassilo Horn and Christian Krause and Matthias Ticky},
  title = {{T}he {TTC} 2014 {M}ovie {D}atabase {C}ase},
  note = {Available at TTC14 web site.}
}

@Unpublished{imdbsources,
  author = {Tassilo Horn},
  title = {{IMDB2EMF}},
  note = {\url{https://github.com/tsdh/imdb2emf}}
}

@inproceedings{TroyaV10,
  author    = {Javier Troya and
               Antonio Vallecillo},
  title     = {Towards a {R}ewriting {L}ogic {S}emantics for {ATL}},
  booktitle = {ICMT},
  year      = {2010},
  pages     = {230-244},
  ee        = {http://dx.doi.org/10.1007/978-3-642-13688-7_16},
  bibsource = {DBLP, http://dblp.uni-trier.de}
}

@inproceedings{RiveraDV10,
  author    = {Jos{\'e} Eduardo Rivera and
               Francisco Dur{\'a}n and
               Antonio Vallecillo},
  title     = {On the Behavioral Semantics of Real-Time Domain Specific
               Visual Languages},
  booktitle = {WRLA},
  year      = {2010},
  pages     = {174-190},
  ee        = {http://dx.doi.org/10.1007/978-3-642-16310-4_12},
  bibsource = {DBLP, http://dblp.uni-trier.de}
}
